
@article{li_privacy-preserving_2020,
	title = {Privacy-{Preserving} {Collaborative} {Operation} of {Networked} {Microgrids} {With} the {Local} {Utility} {Grid} {Based} on {Enhanced} {Benders} {Decomposition}},
	volume = {11},
	issn = {1949-3061},
	url = {https://ieeexplore.ieee.org/document/8932561},
	doi = {10.1109/TSG.2019.2959242},
	pages = {2638--2651},
}
